@misc{a1,
author = {Destiny Bezrutczyk},
title = {The Impact of Alcohol-Related Injury - Alcohol Rehab Guide},
howpublished = {\url{https://www.alcoholrehabguide.org/resources/medical-conditions/injury/}},
month = {June},
year = {2021},
note = {(Accessed on 06/30/2021)}
}

@misc{a2,
author = {Conor Dillon},
title = {′Every eleventh car accident death′ due to alcohol | Germany| News and in-depth reporting from Berlin and beyond | DW | 26.03.2014},
howpublished = {\url{https://www.dw.com/en/every-eleventh-car-accident-death-due-to-alcohol/a-17519689}},
month = {March},
year = {2014},
note = {(Accessed on 06/30/2021)}
}

@misc{a3,
author = {Parker Alexander},
title = {What are the Top 5 Causes of Car Accidents?},
howpublished = {\url{https://www.parkeralexander.com/blog/2021/january/what-are-the-top-5-causes-of-car-accidents-/}},
month = {},
year = {2021},
note = {(Accessed on 06/30/2021)}
}


@misc{a4,
author = {Joe Young},
title = {Alcohol-detection systems could prevent more than a fourth of U.S. road fatalities},
howpublished = {\url{https://www.iihs.org/news/detail/alcohol-detection-systems-could-prevent-more-than-a-fourth-of-u-s-road-fatalities}},
month = {July},
year = {2020},
note = {(Accessed on 06/30/2021)}
}

@misc{img1,
author = {},
title = {MQ3 Alcohol Gas Sensor buy online at Low Price in India - ElectronicsComp.com},
howpublished = {\url{https://www.electronicscomp.com/mq3-alcohol-gas-sensor-india}},
month = {},
year = {},
note = {(Accessed on 07/01/2021)}
}


@misc{a8,
author = {},
title = {Alcohol Sensor Market – Global Industry Trends and Forecast to 2028 | Data Bridge Market Research},
howpublished = {\url{https://www.databridgemarketresearch.com/reports/global-alcohol-sensor-market}},
month = {},
year = {},
note = {(Accessed on 07/01/2021)}
}



@article{a9,
  title={Layout review techniques for low power RF designs},
  author={Jain, Suyash},
  journal={Application Note AN098 SWRA367A},
  year={2012}
}


@article{a10,
  title={CC2640R2F SimpleLink Bluetooth low energy wireless MCU},
  author={Instruments, Texas},
  journal={CC2640R2F datasheet, Dec},
  year={2016}
}